<record><leader>00000cas a22000007a 4500</leader><controlfield tag="001">19544603</controlfield><controlfield tag="008">890413d19061909moudn ne      0    0eng d</controlfield><datafield ind1=" " ind2=" " tag="010"><subfield code="a">sn 89066457 </subfield></datafield><datafield ind1=" " ind2=" " tag="040"><subfield code="a">MQN</subfield><subfield code="b">eng</subfield><subfield code="c">MQN</subfield><subfield code="d">OCLCQ</subfield></datafield><datafield ind1=" " ind2=" " tag="042"><subfield code="a">msc</subfield></datafield><datafield ind1="0" ind2=" " tag="130"><subfield code="a">Missouri Democrat (Boonville, Mo. : 1906 : Daily)</subfield></datafield><datafield ind1="1" ind2="4" tag="245"><subfield code="a">The Missouri Democrat.</subfield></datafield><datafield ind1=" " ind2=" " tag="260"><subfield code="a">Boonville, Mo. :</subfield><subfield code="b">W. Gordon Kapp</subfield></datafield><datafield ind1=" " ind2=" " tag="300"><subfield code="a">v.</subfield></datafield><datafield ind1=" " ind2=" " tag="310"><subfield code="a">Daily (except Sun.)</subfield></datafield><datafield ind1="1" ind2=" " tag="362"><subfield code="a">Began in 1906; ceased in 1909?</subfield></datafield><datafield ind1=" " ind2=" " tag="580"><subfield code="a">Issued in weekly ed.: Missouri Democrat (Boonville, Mo. : 1899 : Weekly), June 23, 1899-&lt;June 1, 1906&gt;.</subfield></datafield><datafield ind1=" " ind2=" " tag="588"><subfield code="a">Description based on: Vol. 1, no. 20 (May 8, 1906).</subfield></datafield><datafield ind1=" " ind2="4" tag="651"><subfield code="a">Boonville (Mo.)</subfield><subfield code="v">Newspapers.</subfield></datafield><datafield ind1=" " ind2=" " tag="752"><subfield code="a">United States</subfield><subfield code="b">Missouri</subfield><subfield code="c">Cooper</subfield><subfield code="d">Boonville.</subfield></datafield><datafield ind1="1" ind2=" " tag="775"><subfield code="t">Missouri Democrat (Boonville, Mo. : 1899 : Weekly)</subfield><subfield code="w">(DLC)sn 89066444</subfield></datafield><datafield ind1="0" ind2="0" tag="785"><subfield code="t">Boonville gazette</subfield><subfield code="w">(DLC)sn 89066446</subfield></datafield><datafield ind1="1" ind2=" " tag="029"><subfield code="a">AU@</subfield><subfield code="b">000020551128</subfield></datafield></record>